<?xml version="1.0" encoding="UTF-8"?><collection xmlns="http://www.loc.gov/MARC21/slim"><record><leader>00476nam--2200181-i-4500</leader><controlfield tag="001">000011709</controlfield><controlfield tag="002">20161230</controlfield><controlfield tag="005">20161230201029</controlfield><controlfield tag="008">060222s1000------------r-----000-0-rum-d</controlfield><datafield ind1=" " ind2=" " tag="040"><subfield code="a">IFIN-HH</subfield></datafield><datafield ind1=" " ind2=" " tag="041"><subfield code="a">rum</subfield></datafield><datafield ind1=" " ind2=" " tag="080"><subfield code="a">531.13</subfield></datafield><datafield ind1="1" ind2=" " tag="100"><subfield code="a">Balescu, Radu</subfield></datafield><datafield ind1="1" ind2="0" tag="245"><subfield code="a">Equilibrium and nonequilibrium statistical mechanics</subfield><subfield code="c">Rau Balescu</subfield></datafield><datafield ind1=" " ind2=" " tag="260"><subfield code="a">New York</subfield><subfield code="b">A Wiley-interscience Publ</subfield><subfield code="c">1975</subfield></datafield><datafield ind1=" " ind2=" " tag="300"><subfield code="a">VII+742P</subfield></datafield><datafield ind1=" " ind2=" " tag="852"><subfield code="a">43181</subfield><subfield code="c">531</subfield></datafield><datafield ind1=" " ind2=" " tag="CAT"><subfield code="a">Sys</subfield><subfield code="c">20110516</subfield><subfield code="h">153758</subfield></datafield></record></collection>